@incollection{AES,
year={2015},
isbn={978-3-319-16714-5},
booktitle={Topics in Cryptology –- CT-RSA 2015},
volume={9048},
series={Lecture Notes in Computer Science},
editor={Nyberg, Kaisa},
doi={10.1007/978-3-319-16715-2_10},
title={{Higher-Order Masking in Practice: A Vector Implementation of Masked AES for ARM NEON}},
url={http://dx.doi.org/10.1007/978-3-319-16715-2_10},
publisher={Springer International Publishing},
author={Wang, Junwei and Vadnala, Praveen Kumar and Großschädl, Johann and Xu, Qiuliang},
pages={181-198},
language={English}
}

@misc{cpabe,
  title={{Ciphertext-Policy Attribute-Based Encryption}},
  howpublished={\url{https://github.com/junwei-wang/cpabe}},
  note={Accessed: 2015-05-16}
}
